<record><leader>00000cas a22000007a 4500</leader><controlfield tag="001">49276105</controlfield><controlfield tag="008">020308d19161980tnudn ne      0    0eng d</controlfield><datafield ind1=" " ind2=" " tag="010"><subfield code="a">sn2002062502</subfield></datafield><datafield ind1=" " ind2=" " tag="040"><subfield code="a">TGN</subfield><subfield code="b">eng</subfield><subfield code="c">TGN</subfield><subfield code="d">OCLCQ</subfield><subfield code="d">OCLCF</subfield><subfield code="d">OCLCO</subfield></datafield><datafield ind1="1" ind2=" " tag="029"><subfield code="a">AU@</subfield><subfield code="b">000023414593</subfield></datafield><datafield ind1=" " ind2=" " tag="042"><subfield code="a">msc</subfield></datafield><datafield ind1=" " ind2=" " tag="043"><subfield code="a">n-us-tn</subfield></datafield><datafield ind1="0" ind2="0" tag="245"><subfield code="a">Kingsport times.</subfield></datafield><datafield ind1="1" ind2=" " tag="246"><subfield code="i">Sunday issue for July 12, 1942 has title:</subfield><subfield code="a">Kingsport times and news</subfield></datafield><datafield ind1="1" ind2=" " tag="246"><subfield code="i">Some holiday issues have title:</subfield><subfield code="a">Kingsport news, Kingsport times</subfield></datafield><datafield ind1="1" ind2=" " tag="246"><subfield code="i">Some holiday issues have title:</subfield><subfield code="a">Kingsport times, Kingsport news</subfield></datafield><datafield ind1="1" ind2=" " tag="246"><subfield code="i">Some holiday issues have title:</subfield><subfield code="a">Kingsport times-news</subfield></datafield><datafield ind1=" " ind2=" " tag="260"><subfield code="a">Kingsport, Tenn. :</subfield><subfield code="b">R.D. KinKead &amp; T.L. Anderson,</subfield><subfield code="c">-1980.</subfield></datafield><datafield ind1=" " ind2=" " tag="300"><subfield code="a">v.</subfield></datafield><datafield ind1=" " ind2=" " tag="310"><subfield code="a">Daily (except Sat. &amp; Sun.),</subfield><subfield code="b">Dec. 18, 1944-Sept. 26, 1980</subfield></datafield><datafield ind1=" " ind2=" " tag="321"><subfield code="a">Weekly,</subfield><subfield code="b">&lt;May 11, 1916-Sept. 20, 1917&gt;</subfield></datafield><datafield ind1=" " ind2=" " tag="321"><subfield code="a">Semiweekly,</subfield><subfield code="b">&lt;June 6, 1919&gt;-Apr. 29, 1921</subfield></datafield><datafield ind1=" " ind2=" " tag="321"><subfield code="a">Daily (except Sun.),</subfield><subfield code="b">May 2-July 16, 1921</subfield></datafield><datafield ind1=" " ind2=" " tag="321"><subfield code="a">Semiweekly,</subfield><subfield code="b">July 19, 1921-Sept. 26, 1924</subfield></datafield><datafield ind1=" " ind2=" " tag="321"><subfield code="a">Daily (except Sat.),</subfield><subfield code="b">Oct. 1, 1924-Dec. 15, 1944</subfield></datafield><datafield ind1="1" ind2=" " tag="362"><subfield code="a">Began with Apr. 27, 1916 issue?</subfield></datafield><datafield ind1="0" ind2=" " tag="362"><subfield code="a">-66th year, no. 184 (Sept. 26, 1980).</subfield></datafield><datafield ind1=" " ind2=" " tag="500"><subfield code="a">Owner: Cy H. Lyle, 1916.</subfield></datafield><datafield ind1=" " ind2=" " tag="515"><subfield code="a">Issue for June 6, 1919 incorrectly numbered: vol. 1, no. 1, but constitutes v. 4, no. 8.</subfield></datafield><datafield ind1=" " ind2=" " tag="580"><subfield code="a">Morning ed.: Kingsport news, July 6, 1942-Sept. 26, 1980.</subfield></datafield><datafield ind1=" " ind2=" " tag="580"><subfield code="a">Sunday ed., Dec. 17, 1944-June 30, 1974; Sat. &amp; Sun. ed., July 6, 1974-Sept. 28, 1980: Kingsport times-news.</subfield></datafield><datafield ind1=" " ind2=" " tag="580"><subfield code="a">Sunday issue split off to become: Kingsport times-news, Dec. 17, 1944.</subfield></datafield><datafield ind1=" " ind2=" " tag="588"><subfield code="a">Description based on: [vol. 1, no. 3] (May 11, 1916).</subfield></datafield><datafield ind1=" " ind2="0" tag="651"><subfield code="a">Kingsport (Tenn.)</subfield><subfield code="v">Newspapers.</subfield></datafield><datafield ind1=" " ind2="0" tag="651"><subfield code="a">Sullivan County (Tenn.)</subfield><subfield code="v">Newspapers.</subfield></datafield><datafield ind1=" " ind2="7" tag="655"><subfield code="a">Newspapers.</subfield><subfield code="2">fast</subfield><subfield code="0">(OCoLC)fst01423814</subfield></datafield><datafield ind1=" " ind2="7" tag="651"><subfield code="a">Tennessee</subfield><subfield code="z">Kingsport.</subfield><subfield code="2">fast</subfield><subfield code="0">(OCoLC)fst01215433</subfield></datafield><datafield ind1=" " ind2="7" tag="651"><subfield code="a">Tennessee</subfield><subfield code="z">Sullivan County.</subfield><subfield code="2">fast</subfield><subfield code="0">(OCoLC)fst01207171</subfield></datafield><datafield ind1=" " ind2=" " tag="752"><subfield code="a">United States</subfield><subfield code="b">Tennessee</subfield><subfield code="c">Sullivan</subfield><subfield code="d">Kingsport.</subfield></datafield><datafield ind1="1" ind2=" " tag="775"><subfield code="t">Kingsport news</subfield><subfield code="w">(DLC)sn 99065865</subfield></datafield><datafield ind1="1" ind2=" " tag="775"><subfield code="t">Kingsport times-news</subfield><subfield code="w">(DLC)sn2002062600</subfield></datafield><datafield ind1="1" ind2="6" tag="785"><subfield code="t">Kingsport times-news</subfield><subfield code="w">(DLC)sn2002062600</subfield></datafield><datafield ind1="0" ind2="4" tag="785"><subfield code="t">Kingsport times-news</subfield><subfield code="w">(DLC)sn2002062600</subfield></datafield></record>